@manual{phyweZeeman,
  title        = {Normal and Anomalous Zeeman Effect},
  author       = {{PHYWE Systeme GmbH \& Co. KG}},
  year         = {2010},

}